<record><leader>00000cas a2200000 a 4500</leader><controlfield tag="001">13115159</controlfield><controlfield tag="008">860206c19179999iauwr ne      0    0eng d</controlfield><datafield ind1=" " ind2=" " tag="010"><subfield code="a">sn 86063095 </subfield></datafield><datafield ind1=" " ind2=" " tag="040"><subfield code="a">KSH</subfield><subfield code="b">eng</subfield><subfield code="c">KSH</subfield><subfield code="d">NPT</subfield><subfield code="d">INP</subfield><subfield code="d">OCL</subfield><subfield code="d">OCLCQ</subfield></datafield><datafield ind1=" " ind2=" " tag="042"><subfield code="a">msc</subfield></datafield><datafield ind1="0" ind2=" " tag="130"><subfield code="a">Jefferson herald (Jefferson, Iowa)</subfield></datafield><datafield ind1="1" ind2="4" tag="245"><subfield code="a">The Jefferson herald.</subfield></datafield><datafield ind1=" " ind2=" " tag="260"><subfield code="a">Jefferson, Iowa :</subfield><subfield code="b">S.M. Greene,</subfield><subfield code="c">1917-</subfield></datafield><datafield ind1=" " ind2=" " tag="300"><subfield code="a">v. :</subfield><subfield code="b">ill.</subfield></datafield><datafield ind1=" " ind2=" " tag="310"><subfield code="a">Weekly</subfield></datafield><datafield ind1="0" ind2=" " tag="362"><subfield code="a">Vol. 21, no. 45 (Nov. 7, 1917)-</subfield></datafield><datafield ind1=" " ind2=" " tag="500"><subfield code="a">Publisher varies.</subfield></datafield><datafield ind1=" " ind2=" " tag="752"><subfield code="a">United States</subfield><subfield code="b">Iowa</subfield><subfield code="c">Greene</subfield><subfield code="d">Jefferson.</subfield></datafield><datafield ind1="0" ind2="0" tag="780"><subfield code="t">Free lance (Jefferson, Iowa)</subfield><subfield code="w">(DLC)sn 87057837</subfield></datafield><datafield ind1="1" ind2=" " tag="029"><subfield code="a">AU@</subfield><subfield code="b">000022167134</subfield></datafield></record>